{
  "leader": "03022cam a2200481 i 4500",
  "fields": [
    {
      "001": "ocm50222582\\"
    },
    {
      "003": "OCoLC"
    },
    {
      "005": "20220103105205.0"
    },
    {
      "008": "080910s2001\\\\\\\\ja\\a\\\\\\\\\\b\\\\\\\\001\\0\\eng\\d"
    },
    {
      "010": {
        "ind1": "\\",
        "ind2": "\\",
        "subfields": [
          {
            "a": "  2008429938"
          }
        ]
      }
    },
    {
      "040": {
        "ind1": "\\",
        "ind2": "\\",
        "subfields": [
          {
            "a": "MNU"
          },
          {
            "b": "eng"
          },
          {
            "e": "rda"
          },
          {
            "c": "DLC"
          },
          {
            "d": "MNU"
          },
          {
            "d": "CUY"
          },
          {
            "d": "TRCLS"
          },
          {
            "d": "OCLCF"
          },
          {
            "d": "OCLCQ"
          },
          {
            "d": "OCLCO"
          },
          {
            "d": "OCL"
          },
          {
            "d": "KCP"
          },
          {
            "d": "OCLCQ"
          },
          {
            "d": "GZM"
          },
          {
            "d": "NJR"
          },
          {
            "d": "OCLCO"
          }
        ]
      }
    },
    {
      "066": {
        "ind1": "\\",
        "ind2": "\\",
        "subfields": [
          {
            "c": "{dollar}1"
          }
        ]
      }
    },
    {
      "020": {
        "ind1": "\\",
        "ind2": "\\",
        "subfields": [
          {
            "a": "9784874406625"
          }
        ]
      }
    },
    {
      "020": {
        "ind1": "\\",
        "ind2": "\\",
        "subfields": [
          {
            "a": "4874406629"
          }
        ]
      }
    },
    {
      "035": {
        "ind1": "\\",
        "ind2": "\\",
        "subfields": [
          {
            "a": "(OCoLC)50222582"
          }
        ]
      }
    },
    {
      "042": {
        "ind1": "\\",
        "ind2": "\\",
        "subfields": [
          {
            "a": "lccopycat"
          }
        ]
      }
    },
    {
      "043": {
        "ind1": "\\",
        "ind2": "\\",
        "subfields": [
          {
            "a": "a-ja---"
          },
          {
            "a": "n-us---"
          }
        ]
      }
    },
    {
      "050": {
        "ind1": "0",
        "ind2": "0",
        "subfields": [
          {
            "a": "DS849.U6"
          },
          {
            "b": "A43 2001"
          }
        ]
      }
    },
    {
      "082": {
        "ind1": "0",
        "ind2": "4",
        "subfields": [
          {
            "a": "301.15430952"
          },
          {
            "b": "AGE"
          }
        ]
      }
    },
    {
      "245": {
        "ind1": "0",
        "ind2": "4",
        "subfields": [
          {
            "a": "The age of creolization in the Pacific :"
          },
          {
            "b": "in search of emerging cultures and shared values in the Japan-America borderlands /"
          },
          {
            "c": "edited by Takeshi Matsuda."
          }
        ]
      }
    },
    {
      "264": {
        "ind1": "\\",
        "ind2": "1",
        "subfields": [
          {
            "a": "Hiroshima :"
          },
          {
            "b": "Keisuisha,"
          },
          {
            "c": "2001."
          }
        ]
      }
    },
    {
      "300": {
        "ind1": "\\",
        "ind2": "\\",
        "subfields": [
          {
            "a": "ix, 383 pages :"
          },
          {
            "b": "illustrations ;"
          },
          {
            "c": "22 cm"
          }
        ]
      }
    },
    {
      "336": {
        "ind1": "\\",
        "ind2": "\\",
        "subfields": [
          {
            "a": "text"
          },
          {
            "b": "txt"
          },
          {
            "2": "rdacontent"
          }
        ]
      }
    },
    {
      "337": {
        "ind1": "\\",
        "ind2": "\\",
        "subfields": [
          {
            "a": "unmediated"
          },
          {
            "b": "n"
          },
          {
            "2": "rdamedia"
          }
        ]
      }
    },
    {
      "338": {
        "ind1": "\\",
        "ind2": "\\",
        "subfields": [
          {
            "a": "volume"
          },
          {
            "b": "nc"
          },
          {
            "2": "rdacarrier"
          }
        ]
      }
    },
    {
      "504": {
        "ind1": "\\",
        "ind2": "\\",
        "subfields": [
          {
            "a": "Includes bibliographical references and index."
          }
        ]
      }
    },
    {
      "505": {
        "ind1": "0",
        "ind2": "\\",
        "subfields": [
          {
            "a": "Preface / Takeshi Matsuda -- Creole times: notes on understanding Creolization for transnational Japan-America / David Blake Willis -- Institutionalizing postwar U.S.-Japan cultural interchange: the making of pro-American liberals, 1945-1955 / Takeshi Matsuda -- The religious occupation in postwar Japan: the Christian community and educational institutions / Julie Higashi -- Japan, Jazz, and Creolization / Joe B. Moore -- Pacific Creoles: the power of hybridity in Japanese-American relations / David Blake Willis -- Beyond the politics of Japanese language education: reconsidering its history through Japan's contact with the United States as a rival and a master / Akie Tomozawa -- Toward a solid civic triangle: emerging relationships between citizens, civil society, and local governance / Chieko Kitagawa Otsuru -- U.S.-Japan nonprofit exchanges as cultural interaction: the emerging role of nonprofit organizations as agents of cultural transmission and transformation / Yutaka Sasaki -- Creolization in business management: the internet and responses of Japanese companies / Yuzo Murayama -- Index."
          }
        ]
      }
    },
    {
      "651": {
        "ind1": "\\",
        "ind2": "0",
        "subfields": [
          {
            "a": "Japan"
          },
          {
            "x": "Relations"
          },
          {
            "z": "United States."
          }
        ]
      }
    },
    {
      "651": {
        "ind1": "\\",
        "ind2": "0",
        "subfields": [
          {
            "a": "United States"
          },
          {
            "x": "Relations"
          },
          {
            "z": "Japan."
          }
        ]
      }
    },
    {
      "651": {
        "ind1": "\\",
        "ind2": "0",
        "subfields": [
          {
            "a": "Japan"
          },
          {
            "x": "Civilization"
          },
          {
            "y": "1945-"
          }
        ]
      }
    },
    {
      "650": {
        "ind1": "\\",
        "ind2": "7",
        "subfields": [
          {
            "a": "Civilization."
          },
          {
            "2": "fast"
          },
          {
            "0": "(OCoLC)fst00862898"
          }
        ]
      }
    },
    {
      "650": {
        "ind1": "\\",
        "ind2": "7",
        "subfields": [
          {
            "a": "International relations."
          },
          {
            "2": "fast"
          },
          {
            "0": "(OCoLC)fst00977053"
          }
        ]
      }
    },
    {
      "651": {
        "ind1": "\\",
        "ind2": "7",
        "subfields": [
          {
            "a": "Japan."
          },
          {
            "2": "fast"
          },
          {
            "0": "(OCoLC)fst01204082"
          }
        ]
      }
    },
    {
      "651": {
        "ind1": "\\",
        "ind2": "7",
        "subfields": [
          {
            "a": "United States."
          },
          {
            "2": "fast"
          },
          {
            "0": "(OCoLC)fst01204155"
          }
        ]
      }
    },
    {
      "648": {
        "ind1": "\\",
        "ind2": "7",
        "subfields": [
          {
            "a": "Since 1945"
          },
          {
            "2": "fast"
          }
        ]
      }
    },
    {
      "700": {
        "ind1": "1",
        "ind2": "\\",
        "subfields": [
          {
            "6": "880-02"
          },
          {
            "a": "Matsuda, Takeshi,"
          },
          {
            "d": "1945-"
          },
          {
            "e": "editor."
          }
        ]
      }
    },
    {
      "880": {
        "ind1": "0",
        "ind2": "4",
        "subfields": [
          {
            "6": "245-03"
          },
          {
            "a": "TheageofcreolizationinthePacific :"
          },
          {
            "b": "InsearchofemergingculturesandsharedvaluesintheJapan-Americaborderlands /"
          },
          {
            "c": "TakeshiMatsuda[\u7de8]."
          }
        ]
      }
    },
    {
      "880": {
        "ind1": "\\",
        "ind2": "\\",
        "subfields": [
          {
            "6": "260-00"
          },
          {
            "a": "[\u5e83\u5cf6] :"
          },
          {
            "b": "Keisuisha,"
          },
          {
            "c": "2001."
          }
        ]
      }
    },
    {
      "880": {
        "ind1": "0",
        "ind2": "7",
        "subfields": [
          {
            "6": "650-01/{dollar}1"
          },
          {
            "a": "\u65e5\u672c-\u5bfe\u5916\u95a2\u4fc2-\u30a2\u30e1\u30ea\u30ab\u5408\u8846\u56fd."
          },
          {
            "2": "jlabsh/3"
          }
        ]
      }
    },
    {
      "880": {
        "ind1": "1",
        "ind2": "\\",
        "subfields": [
          {
            "6": "700-02/{dollar}1"
          },
          {
            "a": "\u677e\u7530\u6b66,"
          },
          {
            "d": "1945-,"
          },
          {
            "e": "editor."
          }
        ]
      }
    },
    {
      "994": {
        "ind1": "\\",
        "ind2": "\\",
        "subfields": [
          {
            "a": "Z0"
          },
          {
            "b": "NYRVC"
          }
        ]
      }
    },
    {
      "948": {
        "ind1": "\\",
        "ind2": "\\",
        "subfields": [
          {
            "h": "NO HOLDINGS IN NYRVC - 15 OTHER HOLDINGS"
          }
        ]
      }
    },
    {
      "999": {
        "ind1": "\\",
        "ind2": "\\",
        "subfields": [
          {
            "a": "00000000015043"
          }
        ]
      }
    }
  ]
}